<record><leader>00000cas a2200000 a 4500</leader><controlfield tag="001">12794925</controlfield><controlfield tag="008">851114d19641964ksuwr ne      0    0eng d</controlfield><datafield ind1=" " ind2=" " tag="010"><subfield code="a">sn 85067216 </subfield></datafield><datafield ind1=" " ind2=" " tag="040"><subfield code="a">KSH</subfield><subfield code="b">eng</subfield><subfield code="c">KSH</subfield><subfield code="d">NPT</subfield><subfield code="d">OCL</subfield><subfield code="d">OCLCQ</subfield></datafield><datafield ind1=" " ind2=" " tag="042"><subfield code="a">msc</subfield></datafield><datafield ind1="0" ind2=" " tag="130"><subfield code="a">Pictorial-times (Topeka, Kan. : 1964)</subfield></datafield><datafield ind1="1" ind2="0" tag="245"><subfield code="a">Pictorial-times.</subfield></datafield><datafield ind1=" " ind2=" " tag="260"><subfield code="a">Topeka, Kan. :</subfield><subfield code="b">Central Press-Pictorial &amp; Bert C. Carlyle,</subfield><subfield code="c">1964.</subfield></datafield><datafield ind1=" " ind2=" " tag="300"><subfield code="a">1 v. :</subfield><subfield code="b">ill. (chiefly advertisements) ;</subfield><subfield code="c">57 cm.</subfield></datafield><datafield ind1=" " ind2=" " tag="310"><subfield code="a">Weekly</subfield></datafield><datafield ind1="0" ind2=" " tag="362"><subfield code="a">31st year, no. 5 (Jan. 30, 1964)-31st year, no. 7 (Feb. 13, 1964).</subfield></datafield><datafield ind1=" " ind2=" " tag="580"><subfield code="a">Formed by the union of the periodical called: Pictorial shopper and: Sunday times (non-extant).</subfield></datafield><datafield ind1=" " ind2=" " tag="752"><subfield code="a">United States</subfield><subfield code="b">Kansas</subfield><subfield code="c">Shawnee</subfield><subfield code="d">Topeka.</subfield></datafield><datafield ind1="1" ind2="4" tag="780"><subfield code="t">Pictorial shopper</subfield></datafield><datafield ind1="1" ind2="4" tag="780"><subfield code="t">Sunday times</subfield></datafield><datafield ind1="0" ind2="0" tag="785"><subfield code="t">Topeka pictorial-times</subfield><subfield code="w">(DLC)sn 85067217</subfield></datafield><datafield ind1="1" ind2=" " tag="029"><subfield code="a">AU@</subfield><subfield code="b">000022171491</subfield></datafield></record>